@article{SONG97,
title = "The so-called Plural Copy in Korean as a marker of distribution and focus",
journal = "Journal of Pragmatics",
volume = "27",
number = "2",
pages = "203 - 224",
year = "1997",
issn = "0378-2166",
doi = "https://doi.org/10.1016/S0378-2166(96)00042-2",
url = "http://www.sciencedirect.com/science/article/pii/S0378216696000422",
author = "Jae Jung Song"
}

@article{SSONG75,
title = "Rare Plural Marking and Ubiquitous Plural Marker in Korean",
journal = "Language Research",
volume = "11",
number = "1",
pages = "77 - 86",
year = "1975",
author = "Seok Choong Song"
}

@article{KIM06,
title = "Local and Flexible Distributivity and the Korean Non-nominal Plural Marker tul",
journal = "University of Pennsylvania Working Papers in Linguistics",
volume = "12",
number = "1",
article = "15",
pages = "175 - 188",
year = "2006",
author = "Chonghyuck Kim"
}

@incollection{MCC97,
  author="James McCloskey",
  year= 1997, 
  title= "Subjecthood and subject positions",
  editor = "Liliane Haegema", 
  booktitle= "Elements of grammar", 
  pages = "197 - 235",
  publisher= "Kluwer Academic Publishers",
  address= "Dordrecht" 
}